@misc{mura,
author = {村林孝太郎},
title = {自律移動ロボット用の雨天シミュレータの開発(雨天環境のモデル化)},
howpublished = {},
month = {},
year = {},
note = {}
}

@misc{tukuba,
author = {},
title = {つくばチャレンジ2015 本走行記録},
howpublished = {},
month = {},
year = {},
note = {}
}

@misc{orne,
author = {颯人, 井口 and 聖人, 樋高 and 駿斗, 野村 and 孝太郎, 村林 and 隆一, 上田 and 靖男, 林原},
title = {“屋外自律移動ロボットプラットフォーム {ORNE}-boxの開発　ー{ORNE}-boxの検証・改良ー”},
howpublished = {},
month = {},
year = {},
note = {日本機械学会ロボティクス・メカトロニクス講演会'23予稿集，1P1-I06(2023)}
}

@misc{lidar,
  author       = {},
  title        = {北陽電機 {UTM-30LX-EW}},
  howpublished = {\\\url{https://www.hokuyo-aut.co.jp/search/single.php?serial=146}},
  year         = {},
  note = {\\(最終閲覧日：\today)}
}

@misc{gpt,
  author       = {},
  title        = {chatgpt},
  howpublished = {\\\url{https://chatgpt.com/c/6766f07e-3f9c-8000-b65c-759ab5a24ad1}},
  year         = {},
  note = {\\(最終閲覧日：\today)}
}

@misc{gls,
  author       = {},
  title        = {chatgpt},
  howpublished = {\\\url{https://chatgpt.com/c/6766f07e-3f9c-8000-b65c-759ab5a24ad1}},
  year         = {},
  note = {\\(最終閲覧日：\today)}
}

@misc{simu,
  author       = {},
  title        = {openrdc orne\-box\-simulator},
  howpublished = {\\\url{https://github.com/open-rdc/orne-box}},
  year         = {},
  note = {\\(最終閲覧日：\today)}
}

@misc{gaze,
  author       = {},
  title        = {Gazebo},
  howpublished = {\\\url{https://gazebosim.org/home}},
  year         = {},
  note = {\\(最終閲覧日：\today)}
}